<record><leader>00000cas a22000007a 4500</leader><controlfield tag="001">9864320</controlfield><controlfield tag="008">830831d18741894mduwr ne      0   a0eng  </controlfield><datafield ind1=" " ind2=" " tag="010"><subfield code="a">sn 83016477 </subfield></datafield><datafield ind1=" " ind2=" " tag="040"><subfield code="a">DLC</subfield><subfield code="b">eng</subfield><subfield code="c">DLC</subfield><subfield code="d">NPX</subfield><subfield code="d">MFN</subfield><subfield code="d">NVK</subfield><subfield code="d">DLC</subfield><subfield code="d">OCLCQ</subfield><subfield code="d">OCLCO</subfield><subfield code="d">OCLCQ</subfield><subfield code="d">OCLCF</subfield><subfield code="d">DLC</subfield></datafield><datafield ind1="0" ind2=" " tag="022"><subfield code="a">2332-9653</subfield><subfield code="2">1</subfield></datafield><datafield ind1=" " ind2=" " tag="042"><subfield code="a">msc</subfield><subfield code="a">nsdp</subfield></datafield><datafield ind1=" " ind2=" " tag="043"><subfield code="a">n-us-md</subfield></datafield><datafield ind1="0" ind2="0" tag="050"><subfield code="a">Newspaper</subfield></datafield><datafield ind1="1" ind2="0" tag="082"><subfield code="a">071</subfield><subfield code="2">23</subfield></datafield><datafield ind1=" " ind2="4" tag="222"><subfield code="a">The Baltimore Sunday news</subfield></datafield><datafield ind1="0" ind2="4" tag="245"><subfield code="a">The Baltimore Sunday news.</subfield></datafield><datafield ind1="1" ind2="3" tag="246"><subfield code="a">Sunday news</subfield></datafield><datafield ind1=" " ind2=" " tag="260"><subfield code="a">Baltimore, Md. :</subfield><subfield code="b">Hermange &amp; Brewer</subfield></datafield><datafield ind1=" " ind2=" " tag="300"><subfield code="a">v. :</subfield><subfield code="b">ill. ;</subfield><subfield code="c">60 cm.</subfield></datafield><datafield ind1=" " ind2=" " tag="310"><subfield code="a">Weekly</subfield></datafield><datafield ind1="1" ind2=" " tag="362"><subfield code="a">Began in 1874.</subfield></datafield><datafield ind1="0" ind2=" " tag="362"><subfield code="a">-v. 21, no. 13 (Dec. 30, 1894).</subfield></datafield><datafield ind1=" " ind2=" " tag="580"><subfield code="a">Daily eds.: Evening news (Baltimore, Md.), 1874-1875; Baltimore daily news (Baltimore, Md. : 1876), 1876-1892; Baltimore news, 1892-1894.</subfield></datafield><datafield ind1=" " ind2=" " tag="588"><subfield code="a">Description based on: Vol. 1, no. 11 (Dec. 13, 1874).</subfield></datafield><datafield ind1=" " ind2="0" tag="651"><subfield code="a">Baltimore (Md.)</subfield><subfield code="v">Newspapers.</subfield></datafield><datafield ind1=" " ind2="7" tag="651"><subfield code="a">Maryland</subfield><subfield code="z">Baltimore.</subfield><subfield code="2">fast</subfield><subfield code="0">(OCoLC)fst01204292</subfield></datafield><datafield ind1=" " ind2="7" tag="655"><subfield code="a">Newspapers.</subfield><subfield code="2">fast</subfield><subfield code="0">(OCoLC)fst01423814</subfield></datafield><datafield ind1=" " ind2=" " tag="752"><subfield code="a">United States</subfield><subfield code="b">Maryland</subfield><subfield code="d">Baltimore.</subfield></datafield><datafield ind1="1" ind2=" " tag="775"><subfield code="t">Evening news (Baltimore, Md.)</subfield><subfield code="x">2332-9645</subfield><subfield code="w">(DLC)sn 84026765</subfield><subfield code="w">(OCoLC)10682278</subfield></datafield><datafield ind1="1" ind2=" " tag="775"><subfield code="t">Baltimore daily news (Baltimore, Md. : 1876)</subfield><subfield code="x">2332-9637</subfield><subfield code="w">(DLC)sn 83016478</subfield><subfield code="w">(OCoLC)9864375</subfield></datafield><datafield ind1="1" ind2=" " tag="775"><subfield code="t">Baltimore news</subfield><subfield code="x">2332-9599</subfield><subfield code="w">(DLC)sn 83016641</subfield><subfield code="w">(OCoLC)9960179</subfield></datafield><datafield ind1="1" ind2=" " tag="029"><subfield code="a">AU@</subfield><subfield code="b">000026221300</subfield></datafield></record>